<record><leader>00000cas a2200000 a 4500</leader><controlfield tag="001">49056272</controlfield><controlfield tag="008">020221c20029999cauwr ne      0    0eng c</controlfield><datafield ind1=" " ind2=" " tag="010"><subfield code="a">sn2008060152</subfield></datafield><datafield ind1=" " ind2=" " tag="040"><subfield code="a">JQA</subfield><subfield code="b">eng</subfield><subfield code="c">JQA</subfield><subfield code="d">OCLCQ</subfield><subfield code="d">CNK</subfield><subfield code="d">OCLCQ</subfield><subfield code="d">OCLCF</subfield><subfield code="d">OCLCO</subfield></datafield><datafield ind1=" " ind2=" " tag="042"><subfield code="a">pcc</subfield></datafield><datafield ind1=" " ind2=" " tag="043"><subfield code="a">n-us-ca</subfield></datafield><datafield ind1="0" ind2="0" tag="245"><subfield code="a">What's happening's tri-city voice.</subfield></datafield><datafield ind1="3" ind2="0" tag="246"><subfield code="a">Tri-city voice</subfield></datafield><datafield ind1=" " ind2=" " tag="260"><subfield code="a">Fremont, Calif. :</subfield><subfield code="b">William Marshak,</subfield><subfield code="c">2002-</subfield></datafield><datafield ind1=" " ind2=" " tag="300"><subfield code="a">v. :</subfield><subfield code="b">ill. ;</subfield><subfield code="c">57 cm.</subfield></datafield><datafield ind1=" " ind2=" " tag="310"><subfield code="a">Weekly,</subfield><subfield code="b">&lt;July 2-July 8, 2008&gt;-</subfield></datafield><datafield ind1=" " ind2=" " tag="321"><subfield code="a">Semimonthly,</subfield><subfield code="b">Jan. 15, 2002-&lt;200&gt;</subfield></datafield><datafield ind1="0" ind2=" " tag="362"><subfield code="a">Vol. 1, no. 1 (Jan. 15, 2002)-</subfield></datafield><datafield ind1=" " ind2=" " tag="500"><subfield code="a">"Serving Fremont, Newark and Union City."</subfield></datafield><datafield ind1=" " ind2=" " tag="500"><subfield code="a">Also serves Hayward, Milpitas and Sunol.</subfield></datafield><datafield ind1=" " ind2="0" tag="651"><subfield code="a">Fremont (Calif.)</subfield><subfield code="v">Newspapers.</subfield></datafield><datafield ind1=" " ind2="0" tag="651"><subfield code="a">Newark (Calif.)</subfield><subfield code="v">Newspapers.</subfield></datafield><datafield ind1=" " ind2="0" tag="651"><subfield code="a">Union City (Calif.)</subfield><subfield code="v">Newspapers.</subfield></datafield><datafield ind1=" " ind2="7" tag="655"><subfield code="a">Newspapers.</subfield><subfield code="2">fast</subfield><subfield code="0">(OCoLC)fst01423814</subfield></datafield><datafield ind1=" " ind2="7" tag="651"><subfield code="a">California</subfield><subfield code="z">Fremont.</subfield><subfield code="2">fast</subfield><subfield code="0">(OCoLC)fst01214373</subfield></datafield><datafield ind1=" " ind2="7" tag="651"><subfield code="a">California</subfield><subfield code="z">Newark.</subfield><subfield code="2">fast</subfield><subfield code="0">(OCoLC)fst01214294</subfield></datafield><datafield ind1=" " ind2="7" tag="651"><subfield code="a">California</subfield><subfield code="z">Union City.</subfield><subfield code="2">fast</subfield><subfield code="0">(OCoLC)fst01214315</subfield></datafield><datafield ind1=" " ind2=" " tag="752"><subfield code="a">United States</subfield><subfield code="b">California</subfield><subfield code="c">Alameda</subfield><subfield code="d">Fremont.</subfield></datafield><datafield ind1="4" ind2="1" tag="856"><subfield code="u">http://www.tricityvoice.com</subfield></datafield></record>